<record xmlns="http://www.loc.gov/MARC21/slim">
   <leader>03539cam a2200373Ii 4500</leader>
   <controlfield tag="001">6657832</controlfield>
   <controlfield tag="003">FlBoTFG</controlfield>
   <controlfield tag="005">20140801114850.0</controlfield>
   <controlfield tag="006">m    |o  d |      </controlfield>
   <controlfield tag="007">cr |||</controlfield>
   <controlfield tag="008">140801t20152015fluadf  ob    001 0 eng d</controlfield>
   <datafield ind1=" " ind2=" " tag="020">
      <subfield code="a">9781466599376 (e-book : PDF)</subfield>
   </datafield>
   <datafield ind1=" " ind2=" " tag="035">
      <subfield code="a">ocn884585797</subfield>
   </datafield>
   <datafield ind1=" " ind2=" " tag="039">
      <subfield code="a">exclude</subfield>
   </datafield>
   <datafield ind1=" " ind2=" " tag="040">
      <subfield code="a">FlBoTFG</subfield>
      <subfield code="b">eng</subfield>
      <subfield code="c">FlBoTFG</subfield>
      <subfield code="e">rda</subfield>
      <subfield code="d">AEU</subfield>
   </datafield>
   <datafield ind1=" " ind2="4" tag="050">
      <subfield code="a">TP184</subfield>
      <subfield code="b">.I595 2015</subfield>
   </datafield>
   <datafield ind1=" " ind2=" " tag="090">
      <subfield code="a">Internet Access</subfield>
      <subfield code="b">AEU</subfield>
   </datafield>
   <datafield ind1="0" ind2="0" tag="245">
      <subfield code="a">Introduction to software for chemical engineers /</subfield>
      <subfield code="c">edited by Mariano Martín Martín.</subfield>
   </datafield>
   <datafield ind1=" " ind2="1" tag="264">
      <subfield code="a">Boca Raton :</subfield>
      <subfield code="b">Taylor &amp; Francis,</subfield>
      <subfield code="c">[2015]</subfield>
   </datafield>
   <datafield ind1=" " ind2="4" tag="264">
      <subfield code="c">©2015</subfield>
   </datafield>
   <datafield ind1=" " ind2=" " tag="300">
      <subfield code="a">1 online resource :</subfield>
      <subfield code="b">text file, PDF</subfield>
   </datafield>
   <datafield ind1=" " ind2=" " tag="336">
      <subfield code="a">text</subfield>
      <subfield code="2">rdacontent</subfield>
   </datafield>
   <datafield ind1=" " ind2=" " tag="337">
      <subfield code="a">computer</subfield>
      <subfield code="2">rdamedia</subfield>
   </datafield>
   <datafield ind1=" " ind2=" " tag="338">
      <subfield code="a">online resource</subfield>
      <subfield code="2">rdacarrier</subfield>
   </datafield>
   <datafield ind1=" " ind2=" " tag="504">
      <subfield code="a">Includes bibliographical references and index.</subfield>
   </datafield>
   <datafield ind1="0" ind2=" " tag="505">
      <subfield code="a">Modeling, simulation, and optimization in the chemical engineering curriculum / Mariano Martín Martín and Ignacio E. Grossmann -- Modeling, simulation, and optimization in the process and commodities industries / Iiro Harjunkoski and Mariano Martín Martín -- Excel® for chemical engineering / Mariano Martín Martín and Luis Martín de Juan -- MATLAB® for chemical engineering / Mariano Martín Martín and Luis Martín de Juan -- PTC Mathcad® for chemical engineering / Kristen A. Severson, Alberto Martínez Bécares, and Mariano Martín Martín -- Computational fluid dynamics and multiphysics / Bostjan Hari and Aman Dhir -- Discrete element method applications in process engineering / Ali Hassanpour and Massih Pasha -- Modular process simulators / Rubén Ruiz-Femenia, José A. Caballero, and Mariano Martín Martín -- Introduction to gPROMS® for chemical engineering / Carlos Amador Zamarreño, Mariano Martín Martín, and Laura Bueno Romo -- Algebraic modeling and optimization / Ricardo Manuel Pinto de Lima and Ignacio E. Grossmann -- Use of GAMS® for optimal process synthesis and operation / Mariano Martín Martín -- AIMMS® for scheduling of chemical plants / Edwin Zondervan and Martijn A.H. van Elzakker -- Plant location : supply chain management / Gonzalo Guillén-Gosálbez and Fengqi You -- Dynamic optimization in process systems / María Soledad Díaz and Lorenz T. Biegler.</subfield>
   </datafield>
   <datafield ind1=" " ind2=" " tag="506">
      <subfield code="a">Access restricted to authorized users and institutions.</subfield>
   </datafield>
   <datafield ind1=" " ind2=" " tag="520">
      <subfield code="a">"This book provides a quick reference guide to the use of different software packages for chemical engineering applications so that readers can become familiar with their capabilities. The book covers a range of software packages from Excel and general mathematical packages such as MATLAB or Mathematica, to process simulators, CHEMCAD or ASPEN, equation-based modeling languages, gProms, EMSO, optimization software such as GAMS or specialized software like CFD or DEM codes that are applied to a number of representative examples from the design of chemical reactors, to cooling towers and chemical processes and operation. Each chapter covers a general introduction to the software, the basis behind the scenes as well as a few typical applications and examples. "--</subfield>
      <subfield code="c">Provided by publisher.</subfield>
   </datafield>
   <datafield ind1=" " ind2=" " tag="596">
      <subfield code="a">44</subfield>
   </datafield>
   <datafield ind1=" " ind2="0" tag="650">
      <subfield code="a">Chemical engineering</subfield>
      <subfield code="x">Computer programs.</subfield>
   </datafield>
   <datafield ind1="1" ind2=" " tag="700">
      <subfield code="a">Martín, Mariano Martín,</subfield>
      <subfield code="e">editor of compilation.</subfield>
   </datafield>
   <datafield ind1="4" ind2="0" tag="856">
      <subfield code="3">University of Alberta Access</subfield>
      <subfield code="u">http://marc.crcnetbase.com/isbn/9781466599376</subfield>
      <subfield code="z">(Unlimited Concurrent Users)</subfield>
   </datafield>
   <datafield ind1=" " ind2=" " tag="949">
      <subfield code="h">UAIN</subfield>
      <subfield code="z">CRC</subfield>
   </datafield>
   <datafield ind1=" " ind2=" " tag="926">
      <subfield code="a">Internet Access</subfield>
      <subfield code="w">LC</subfield>
      <subfield code="c">1</subfield>
      <subfield code="i">6657832-1001</subfield>
      <subfield code="l">INTERNET</subfield>
      <subfield code="m">UAINTERNET</subfield>
      <subfield code="r">Y</subfield>
      <subfield code="s">Y</subfield>
      <subfield code="t">E-RESOURCE</subfield>
      <subfield code="u">8/8/2014</subfield>
      <subfield code="x">E-BOOK</subfield>
      <subfield code="z">CRC</subfield>
   </datafield>
</record>
